% Introduction

@article{truck-dispatching-problem,
    title = {The Truck Dispatching Problem},
    author = {Dantzig, G. B. and Ramser, J. H.},
    year = {1959},
    journal = {Management Science},
    volume = {6},
    number = {1},
    pages = {80-91},
    url = {https://EconPapers.repec.org/RePEc:inm:ormnsc:v:6:y:1959:i:1:p:80-91}
}

@article{bono-stochastic-vrp,
  TITLE = {{Deep multi-agent reinforcement learning for dynamic and stochastic vehicle routing problems}},
  AUTHOR = {Bono, Guillaume},
  URL = {https://tel.archives-ouvertes.fr/tel-03098433},
  NUMBER = {2020LYSEI096},
  SCHOOL = {{Universit{\'e} de Lyon}},
  YEAR = {2020},
  MONTH = Oct,
  TYPE = {Theses},
  PDF = {https://tel.archives-ouvertes.fr/tel-03098433/file/these.pdf},
  HAL_ID = {tel-03098433},
  HAL_VERSION = {v1},
}

@misc{vrp-malaga,
    url={https://neo.lcc.uma.es/vrp/vehicle-routing-problem/},
    journal={Vehicle Routing Problem},
    publisher={ETS de Ingeniería Informática - Universidad de Málaga}
}

@book{vrp-bible,
    author = {Toth, Paolo and Vigo, Daniele and Toth, Paolo and Vigo, Daniele},
    title = {Vehicle Routing: Problems, Methods, and Applications, Second Edition},
    year = {2014},
    isbn = {1611973589},
    publisher = {Society for Industrial and Applied Mathematics},
    address = {USA},
}

@article{time-complexity-vrp,
    author = {Lenstra, J. K. and Kan, A. H. G. Rinnooy},
    title = {Complexity of vehicle routing and scheduling problems},
    journal = {Networks},
    volume = {11},
    number = {2},
    pages = {221-227},
    doi = {https://doi.org/10.1002/net.3230110211},
    url = {https://onlinelibrary.wiley.com/doi/abs/10.1002/net.3230110211},
    eprint = {https://onlinelibrary.wiley.com/doi/pdf/10.1002/net.3230110211},
    abstract = {Abstract The complexity of a class of vehicle routing and scheduling problems is investigated. We review known NP-hardness results and compile the results on the worst-case performance of approximation algorithms. Some directions for future research are suggested. The presentation is based on two discussion sessions during the Workshop to Investigate Future Directions in Routing and Scheduling of Vehicles and Crews, held at the University of Maryland at College Park, June 4–6, 1979.},
    year = {1981}
}

@article{darp-proposed,
 ISSN = {00411655, 15265447},
 URL = {http://www.jstor.org/stable/25767916},
 abstract = {An analytic investigation into the fundamental aspects of scheduling "Dial-a-Ride" transportation systems is conducted. Based upon simple mathematical models that focus on the combinatorial nature of the problem, a class of algorithms is derived for which performance can be measured in a precise asymptotic probabilistic sense. The approach yields many qualitative insights and the resulting transportation schemes have many attractive practical features. For example, they have modest computational requirements, are decentralized, and are easy to visualize and implement.},
 author = {DAVID M. STEIN},
 journal = {Transportation Science},
 number = {3},
 pages = {232--249},
 publisher = {INFORMS},
 title = {Scheduling Dial-a-Ride Transportation Systems},
 volume = {12},
 year = {1978}
}

@article{vrptw-solomon,
  title={Algorithms for the Vehicle Routing and Scheduling Problems with Time Window Constraints},
  author={M. Solomon},
  journal={Oper. Res.},
  year={1987},
  volume={35},
  pages={254-265}
}

@article{split-deliver,
 ISSN = {00411655, 15265447},
 URL = {http://www.jstor.org/stable/25768367},
 abstract = {This paper examines a relaxed version of the generic vehicle routing problem. In this version, a delivery to a demand point can be split between any number of vehicles. In spite of this relaxation the problem remains computationally hard. The main contribution of this paper is in demonstrating the potential for cost savings through split deliveries. The solution scheme allowing for split deliveries is compared with a solution in which no split deliveries are allowed on a large set of 540 problems. Significant cost savings are realized both in terms of the total distance and the number of vehicles required. The vehicle routes constructed by our procedure, tend to cover cohesive geographical zones and retain some properties of optimal solutions.},
 author = {MOSHE DROR and PIERRE TRUDEAU},
 journal = {Transportation Science},
 number = {2},
 pages = {141--145},
 publisher = {INFORMS},
 title = {Savings by Split Delivery Routing},
 volume = {23},
 year = {1989}
}

% -------


@article{MOTChallenge2015,
	title = {{MOTC}hallenge 2015: {T}owards a Benchmark for Multi-Target Tracking},
	shorttitle = {MOTChallenge 2015},
	url = {http://arxiv.org/abs/1504.01942},
	journal = {arXiv:1504.01942 [cs]},
	author = {Leal-Taix\'{e}, L. and Milan, A. and Reid, I. and Roth, S. and Schindler, K.},
	month = apr,
	year = {2015},
	note = {arXiv: 1504.01942},
	keywords = {Computer Science - Computer Vision and Pattern Recognition}
}

@article{mot16,
	title = {{MOT}16: {A} Benchmark for Multi-Object Tracking},
	shorttitle = {MOT16},
	url = {http://arxiv.org/abs/1603.00831},
	journal = {arXiv:1603.00831 [cs]},
	author = {Milan, A. and Leal-Taix\'{e}, L. and Reid, I. and Roth, S. and Schindler, K.},
	month = mar,
	year = {2016},
	note = {arXiv: 1603.00831},
	keywords = {Computer Science - Computer Vision and Pattern Recognition}
}

@article{zhuvisdrone2018,
     title={Vision Meets Drones: A Challenge},
    author={Zhu, Pengfei and Wen, Longyin and Bian, Xiao and Haibin, Ling and Hu, Qinghua},
    journal={arXiv preprint arXiv:1804.07437},
   year={2018}
}

@inproceedings{ferryman2009pets2009,
  title={Pets2009: Dataset and challenge},
  author={Ferryman, James and Shahrokni, Ali},
  booktitle={2009 Twelfth IEEE International Workshop on Performance Evaluation of Tracking and Surveillance},
  pages={1--6},
  year={2009},
  organization={IEEE}
}

@misc{wiki:biometrics,
    author = "{Wikipedia contributors}",
    title = "Biometrics --- {Wikipedia}{,} The Free Encyclopedia",
    year = "2019",
    howpublished = "\url{https://en.wikipedia.org/w/index.php?title=Biometrics}",
    note = "Accessed 04/04/19",
}

@inproceedings{ristani2016MTMC,
  title =        {Performance Measures and a Data Set for Multi-Target, Multi-Camera Tracking},
  author =       {Ristani, Ergys and Solera, Francesco and Zou, Roger and Cucchiara, Rita and Tomasi, Carlo},
  booktitle =    {European Conference on Computer Vision workshop on Benchmarking Multi-Target Tracking},
  year =         {2016}
}

% Introduction; Challenges

@article{luo2014multiple,
  title={Multiple object tracking: A literature review},
  author={Luo, Wenhan and Xing, Junliang and Milan, Anton and Zhang, Xiaoqin and Liu, Wei and Zhao, Xiaowei and Kim, Tae-Kyun},
  journal={arXiv preprint arXiv:1409.7618},
  year={2014}
}

@inproceedings{fan2016survey,
  title={A survey on multiple object tracking algorithm},
  author={Fan, Litong and Wang, Zhongli and Cail, Baigen and Tao, Chuanqi and Zhang, Zhiyi and Wang, Yinling and Li, Shanwen and Huang, Fengtian and Fu, Shuangfu and Zhang, Feng},
  booktitle={2016 IEEE International Conference on Information and Automation (ICIA)},
  pages={1855--1862},
  year={2016},
  organization={IEEE}
}

@article{emami2018machine,
  title={Machine learning methods for solving assignment problems in multi-target tracking},
  author={Emami, Patrick and Pardalos, Panos M and Elefteriadou, Lily and Ranka, Sanjay},
  journal={arXiv preprint arXiv:1802.06897},
  year={2018}
}

@inproceedings{yao2012interactive,
  title={Interactive object detection},
  author={Yao, Angela and Gall, Juergen and Leistner, Christian and Van Gool, Luc},
  booktitle={2012 IEEE Conference on Computer Vision and Pattern Recognition},
  pages={3242--3249},
  year={2012},
  organization={IEEE}
}

@misc{konushin2017, 
author = {Anton Konushin},
title = {Deep Learning in Computer Vision},
howpublished = "\url{https://www.coursera.org/lecture/deep-learning-in-computer-vision/examples-of-multiple-object-tracking-methods-VJZUW}",
year = {2017}, 
note = "Accessed 04/04/19",
}

% Theoretical background; Artificial intelligence

@book{hutter2004universal,
  title={Universal artificial intelligence: Sequential decisions based on algorithmic probability},
  author={Hutter, Marcus},
  year={2004},
  publisher={Springer Science \& Business Media}
}

@article{dobrev2012definition,
  title={A Definition of Artificial Intelligence},
  author={Dobrev, Dimiter},
  journal={arXiv preprint arXiv:1210.1568},
  year={2012}
}

@article{ruffle2018artificial,
  title={Artificial Intelligence-Assisted Gastroenterology—Promises and Pitfalls},
  author={Ruffle, James K and Farmer, Adam D and Aziz, Qasim},
  journal={The American journal of gastroenterology},
  pages={1},
  year={2018},
  publisher={Nature Publishing Group}
}

% Theoretical background; Machine learning 

@misc{faggellaml, 
author = {Daniel Faggella},
title = {What is Machine Learning?},
howpublished = "\url{https://emerj.com/ai-glossary-terms/what-is-machine-learning}",
year = {2012}, 
note = "Accessed 05/04/19",
}

@book{shalev2014understanding,
  title={Understanding machine learning: From theory to algorithms},
  author={Shalev-Shwartz, Shai and Ben-David, Shai},
  year={2014},
  publisher={Cambridge university press}
}

@book{bishop2006pattern,
  title={Pattern recognition and machine learning},
  author={Bishop, Christopher M},
  year={2006},
  publisher={springer}
}

@book{witten2016data,
  title={Data Mining: Practical machine learning tools and techniques},
  author={Witten, Ian H and Frank, Eibe and Hall, Mark A and Pal, Christopher J},
  year={2016},
  publisher={Morgan Kaufmann}
}

@article{chapelle2009semi,
  title={Semi-supervised learning (chapelle, o. et al., eds.; 2006)[book reviews]},
  author={Chapelle, Olivier and Scholkopf, Bernhard and Zien, Alexander},
  journal={IEEE Transactions on Neural Networks},
  volume={20},
  number={3},
  pages={542--542},
  year={2009},
  publisher={IEEE}
}

@misc{kuramasupervisedunsupervised, 
author = {Vihar Kurama},
title = {Unsupervised Learning with Python},
howpublished = "\url{https://towardsdatascience.com/unsupervised-learning-with-python-173c51dc7f03}",
year = {2018}, 
note = "Accessed 05/04/19",
}

@misc{wiki:reinforcementlearning,
    author = "{Wikipedia contributors}",
    title = "Reinforcement learning --- {Wikipedia}{,} The Free Encyclopedia",
    year = "2019",
    howpublished = "\url{https://en.wikipedia.org/wiki/Reinforcement_learning}",
    note = "[Accessed 05/04/19]"
}

@article{pearson1901liii,
  title={LIII. On lines and planes of closest fit to systems of points in space},
  author={Pearson, Karl},
  journal={The London, Edinburgh, and Dublin Philosophical Magazine and Journal of Science},
  volume={2},
  number={11},
  pages={559--572},
  year={1901},
  publisher={Taylor \& Francis}
}

@article{cortes1995support,
  title={Support-vector networks},
  author={Cortes, Corinna and Vapnik, Vladimir},
  journal={Machine learning},
  volume={20},
  number={3},
  pages={273--297},
  year={1995},
  publisher={Springer}
}

@article{johnson1967hierarchical,
  title={Hierarchical clustering schemes},
  author={Johnson, Stephen C},
  journal={Psychometrika},
  volume={32},
  number={3},
  pages={241--254},
  year={1967},
  publisher={Springer}
}

@inproceedings{macqueen1967some,
  title={Some methods for classification and analysis of multivariate observations},
  author={MacQueen, James and others},
  booktitle={Proceedings of the fifth Berkeley symposium on mathematical statistics and probability},
  volume={1},
  number={14},
  pages={281--297},
  year={1967},
  organization={Oakland, CA, USA}
}
  
@inproceedings{ester1996density,
  title={A density-based algorithm for discovering clusters in large spatial databases with noise.},
  author={Ester, Martin and Kriegel, Hans-Peter and Sander, J{\"o}rg and Xu, Xiaowei and others},
  booktitle={Kdd},
  volume={96},
  number={34},
  pages={226--231},
  year={1996}
}

@book{sutton1998introduction,
  title={Introduction to reinforcement learning},
  author={Sutton, Richard S and Barto, Andrew G and others},
  volume={135},
  year={1998},
  publisher={MIT press Cambridge}
}

@article{franccois2018introduction,
  title={An introduction to deep reinforcement learning},
  author={Fran{\c{c}}ois-Lavet, Vincent and Henderson, Peter and Islam, Riashat and Bellemare, Marc G and Pineau, Joelle and others},
  journal={Foundations and Trends{\textregistered} in Machine Learning},
  volume={11},
  number={3-4},
  pages={219--354},
  year={2018},
  publisher={Now Publishers, Inc.}
}

% Theoretical background; Deep learning

@article{lecun2015deep,
  title={Deep learning},
  author={LeCun, Yann and Bengio, Yoshua and Hinton, Geoffrey},
  journal={nature},
  volume={521},
  number={7553},
  pages={436},
  year={2015},
  publisher={Nature Publishing Group}
}

@book{goodfellow2016deep,
  title={Deep learning},
  author={Goodfellow, Ian and Bengio, Yoshua and Courville, Aaron},
  year={2016},
  publisher={MIT press}
}

@article{schmidhuber2015deep,
  title={Deep learning in neural networks: An overview},
  author={Schmidhuber, J{\"u}rgen},
  journal={Neural networks},
  volume={61},
  pages={85--117},
  year={2015},
  publisher={Elsevier}
}

@article{zheng2016survey,
  title={A survey and critique of deep learning on recommender systems},
  author={Zheng, Lei},
  journal={Chicago: University of Illinois},
  year={2016}
}

@article{russakovsky2015imagenet,
  title={Imagenet large scale visual recognition challenge},
  author={Russakovsky, Olga and Deng, Jia and Su, Hao and Krause, Jonathan and Satheesh, Sanjeev and Ma, Sean and Huang, Zhiheng and Karpathy, Andrej and Khosla, Aditya and Bernstein, Michael and others},
  journal={International journal of computer vision},
  volume={115},
  number={3},
  pages={211--252},
  year={2015},
  publisher={Springer}
}

@misc{kochgo, 
author = {Christof Koch},
title = {How the Computer Beat the Go Master},
howpublished = "\url{https://www.scientificamerican.com/article/how-the-computer-beat-the-go-master}",
year = {2016}, 
note = "Accessed 05/04/19",
}

@article{fukushima1980neocognitron,
  title={Neocognitron: A self-organizing neural network model for a mechanism of pattern recognition unaffected by shift in position},
  author={Fukushima, Kunihiko},
  journal={Biological cybernetics},
  volume={36},
  number={4},
  pages={193--202},
  year={1980},
  publisher={Springer}
}

@article{lecun1989backpropagation,
  title={Backpropagation applied to handwritten zip code recognition},
  author={LeCun, Yann and Boser, Bernhard and Denker, John S and Henderson, Donnie and Howard, Richard E and Hubbard, Wayne and Jackel, Lawrence D},
  journal={Neural computation},
  volume={1},
  number={4},
  pages={541--551},
  year={1989},
  publisher={MIT Press}
}

@article{lecun1998gradient,
  title={Gradient-based learning applied to document recognition},
  author={LeCun, Yann and Bottou, L{\'e}on and Bengio, Yoshua and Haffner, Patrick and others},
  journal={Proceedings of the IEEE},
  volume={86},
  number={11},
  pages={2278--2324},
  year={1998},
  publisher={Taipei, Taiwan}
}


% Theoretical background; Computer vision

@book{Szeliski:2010:CVA:1941882,
 author = {Szeliski, Richard},
 title = {Computer Vision: Algorithms and Applications},
 year = {2010},
 isbn = {1848829345, 9781848829343},
 edition = {1st},
 publisher = {Springer-Verlag},
 address = {Berlin, Heidelberg},
} 

@misc{computervisiongolan, 
author = {Golan Levin},
title = {Image Processing and Computer Vision},
howpublished = "\url{https://openframeworks.cc/ofBook/chapters/image_processing_computer_vision.html}",
year = {2019}, 
note = "Accessed 04/04/19",
}

@misc{cs231n, 
author = {Fei-Fei Li, Justin Johnson, Serena Yeung},
title = {CS231n: Convolutional Neural Networks for Visual Recognition},
howpublished = "\url{http://cs231n.github.io}",
year = {2019}, 
note = "Accessed 04/04/19",
}

@misc{koenpieline, 
author = {Semi Koen},
title = {Architecting a Machine Learning Pipeline},
howpublished = "\url{https://towardsdatascience.com/architecting-a-machine-learning-pipeline-a847f094d1c7}",
year = {2019}, 
note = "Accessed 05/04/19",
}

@misc{khandelwalcv, 
author = {Pulkit Khandelwal},
title = {7 Steps to Understanding Computer Vision},
howpublished = "\url{https://www.kdnuggets.com/2016/08/seven-steps-understanding-computer-vision.html}",
year = {2016}, 
note = "Accessed 05/04/19",
}

@article{viola2001rapid,
  title={Rapid object detection using a boosted cascade of simple features},
  author={Viola, Paul and Jones, Michael and others},
  journal={CVPR (1)},
  volume={1},
  pages={511--518},
  year={2001}
}

@article{ojala2002multiresolution,
  title={Multiresolution gray-scale and rotation invariant texture classification with local binary patterns},
  author={Ojala, Timo and Pietik{\"a}inen, Matti and M{\"a}enp{\"a}{\"a}, Topi},
  journal={IEEE Transactions on Pattern Analysis \& Machine Intelligence},
  number={7},
  pages={971--987},
  year={2002},
  publisher={IEEE}
}

@misc{lowe2004method,
  title={Method and apparatus for identifying scale invariant features in an image and use of same for locating an object in an image},
  author={Lowe, David G},
  year={2004},
  month=mar # "~23",
  publisher={Google Patents},
  note={US Patent 6,711,293}
}

@inproceedings{bay2006surf,
  title={Surf: Speeded up robust features},
  author={Bay, Herbert and Tuytelaars, Tinne and Van Gool, Luc},
  booktitle={European conference on computer vision},
  pages={404--417},
  year={2006},
  organization={Springer}
}

@inproceedings{dalal2005histograms,
  title={Histograms of oriented gradients for human detection},
  author={Dalal, Navneet and Triggs, Bill},
  booktitle={international Conference on computer vision \& Pattern Recognition (CVPR'05)},
  volume={1},
  pages={886--893},
  year={2005},
  organization={IEEE Computer Society}
}

% Theoretical background; Computer vision approaches

@book{zurada1992introduction,
  title={Introduction to artificial neural systems},
  author={Zurada, Jacek M},
  volume={8},
  year={1992},
  publisher={West publishing company St. Paul}
}

@article{nnfurtado,
author = {Furtado, Helaine and Campos Velho, Haroldo and Harter, Fabricio},
year = {2019},
month = {04},
pages = {},
title = {Artificial Neural Networks Applied to the Lorenz Dynamical System via Variational Data Assimilation}
}

@techreport{rosenblatt1961principles,
  title={Principles of neurodynamics. perceptrons and the theory of brain mechanisms},
  author={Rosenblatt, Frank},
  year={1961},
  institution={Cornell Aeronautical Lab Inc Buffalo NY}
}

@article{hornik1989multilayer,
  title={Multilayer feedforward networks are universal approximators},
  author={Hornik, Kurt and Stinchcombe, Maxwell and White, Halbert},
  journal={Neural networks},
  volume={2},
  number={5},
  pages={359--366},
  year={1989},
  publisher={Elsevier}
}

@incollection{hecht1992theory,
  title={Theory of the backpropagation neural network},
  author={Hecht-Nielsen, Robert},
  booktitle={Neural networks for perception},
  pages={65--93},
  year={1992},
  publisher={Elsevier}
}

@inproceedings{krizhevsky2012imagenet,
  title={Imagenet classification with deep convolutional neural networks},
  author={Krizhevsky, Alex and Sutskever, Ilya and Hinton, Geoffrey E},
  booktitle={Advances in neural information processing systems},
  pages={1097--1105},
  year={2012}
}

@inproceedings{lee2009convolutional,
  title={Convolutional deep belief networks for scalable unsupervised learning of hierarchical representations},
  author={Lee, Honglak and Grosse, Roger and Ranganath, Rajesh and Ng, Andrew Y},
  booktitle={Proceedings of the 26th annual international conference on machine learning},
  pages={609--616},
  year={2009},
  organization={ACM}
}

@inproceedings{mikolov2010recurrent,
  title={Recurrent neural network based language model},
  author={Mikolov, Tom{\'a}{\v{s}} and Karafi{\'a}t, Martin and Burget, Luk{\'a}{\v{s}} and {\v{C}}ernock{\`y}, Jan and Khudanpur, Sanjeev},
  booktitle={Eleventh annual conference of the international speech communication association},
  year={2010}
}

@article{simonyan2014very,
  title={Very deep convolutional networks for large-scale image recognition},
  author={Simonyan, Karen and Zisserman, Andrew},
  journal={arXiv preprint arXiv:1409.1556},
  year={2014}
}

@inproceedings{szegedy2016rethinking,
  title={Rethinking the inception architecture for computer vision},
  author={Szegedy, Christian and Vanhoucke, Vincent and Ioffe, Sergey and Shlens, Jon and Wojna, Zbigniew},
  booktitle={Proceedings of the IEEE conference on computer vision and pattern recognition},
  pages={2818--2826},
  year={2016}
}

@inproceedings{he2016deep,
  title={Deep residual learning for image recognition},
  author={He, Kaiming and Zhang, Xiangyu and Ren, Shaoqing and Sun, Jian},
  booktitle={Proceedings of the IEEE conference on computer vision and pattern recognition},
  pages={770--778},
  year={2016}
}

@inproceedings{xie2017aggregated,
  title={Aggregated residual transformations for deep neural networks},
  author={Xie, Saining and Girshick, Ross and Doll{\'a}r, Piotr and Tu, Zhuowen and He, Kaiming},
  booktitle={Proceedings of the IEEE conference on computer vision and pattern recognition},
  pages={1492--1500},
  year={2017}
}

@inproceedings{huang2017densely,
  title={Densely connected convolutional networks},
  author={Huang, Gao and Liu, Zhuang and Van Der Maaten, Laurens and Weinberger, Kilian Q},
  booktitle={Proceedings of the IEEE conference on computer vision and pattern recognition},
  pages={4700--4708},
  year={2017}
}

@misc{mathworkscnn, 
author = {{Mathworks Collective}},
title = {Convolutional Neural Network},
howpublished = "\url{https://www.mathworks.com/solutions/deep-learning/convolutional-neural-network.html}",
year = {2019}, 
note = "Accessed 04/04/19",
}

@misc{dascnnoverview, 
author = {Siddharth Das},
title = {CNN Architectures: LeNet, AlexNet, VGG, GoogLeNet, ResNet and more},
howpublished = "\url{https://medium.com/@sidereal/cnns-architectures-lenet-alexnet-vgg-googlenet-resnet-and-more-666091488df5}",
year = {2017}, 
note = "Accessed 04/04/19",
}

@misc{jordancnnoverview, 
author = {Jeremy Jordan},
title = {Common architectures in convolutional neural networks.},
howpublished = "\url{https://www.jeremyjordan.me/convnet-architectures/}",
year = {2018}, 
note = "Accessed 04/04/19",
}

@inproceedings{glorot2010understanding,
  title={Understanding the difficulty of training deep feedforward neural networks},
  author={Glorot, Xavier and Bengio, Yoshua},
  booktitle={Proceedings of the thirteenth international conference on artificial intelligence and statistics},
  pages={249--256},
  year={2010}
}

@inproceedings{he2015delving,
  title={Delving deep into rectifiers: Surpassing human-level performance on imagenet classification},
  author={He, Kaiming and Zhang, Xiangyu and Ren, Shaoqing and Sun, Jian},
  booktitle={Proceedings of the IEEE international conference on computer vision},
  pages={1026--1034},
  year={2015}
}

% Theoretical background; Computer vision tasks

@article{horn1981determining,
  title={Determining optical flow},
  author={Horn, Berthold KP and Schunck, Brian G},
  journal={Artificial intelligence},
  volume={17},
  number={1-3},
  pages={185--203},
  year={1981},
  publisher={Elsevier}
}

@inproceedings{piccardi2004background,
  title={Background subtraction techniques: a review},
  author={Piccardi, Massimo},
  booktitle={2004 IEEE International Conference on Systems, Man and Cybernetics (IEEE Cat. No. 04CH37583)},
  volume={4},
  pages={3099--3104},
  year={2004},
  organization={IEEE}
}

@inproceedings{levinson2011towards,
  title={Towards fully autonomous driving: Systems and algorithms},
  author={Levinson, Jesse and Askeland, Jake and Becker, Jan and Dolson, Jennifer and Held, David and Kammel, Soeren and Kolter, J Zico and Langer, Dirk and Pink, Oliver and Pratt, Vaughan and others},
  booktitle={2011 IEEE Intelligent Vehicles Symposium (IV)},
  pages={163--168},
  year={2011},
  organization={IEEE}
}

@inproceedings{zhang1999flexible,
  title={Flexible camera calibration by viewing a plane from unknown orientations.},
  author={Zhang, Zhengyou and others},
  booktitle={Iccv},
  volume={99},
  pages={666--673},
  year={1999}
}

@article{criminisi2000single,
  title={Single view metrology},
  author={Criminisi, Antonio and Reid, Ian and Zisserman, Andrew},
  journal={International Journal of Computer Vision},
  volume={40},
  number={2},
  pages={123--148},
  year={2000},
  publisher={Springer}
}

@inproceedings{orteu1997camera,
  title={Camera calibration for 3D reconstruction: application to the measurement of 3D deformations on sheet metal parts},
  author={Orteu, Jean-Jose and Garric, V and Devy, Michel},
  booktitle={New Image Processing Techniques and Applications: Algorithms, Methods, and Components II},
  volume={3101},
  pages={252--264},
  year={1997},
  organization={International Society for Optics and Photonics}
}

@inproceedings{wilczkowiak2001camera,
  title={Camera calibration and 3D reconstruction from single images using parallelepipeds},
  author={Wilczkowiak, Marta and Boyer, Edmond and Sturm, Peter},
  booktitle={Proceedings eighth IEEE international conference on computer vision. ICCV 2001},
  volume={1},
  pages={142--148},
  year={2001},
  organization={IEEE}
}

@inproceedings{kushal2002simple,
  title={A Simple Method for Interactive 3D Reconstruction, Camera Calibration from a Single View.},
  author={Kushal, Akash and Bansal, Vikas and Banerjee, Subhashis},
  booktitle={ICVGIP},
  year={2002},
  organization={Citeseer}
}

@book{criminisi2012accurate,
  title={Accurate visual metrology from single and multiple uncalibrated images},
  author={Criminisi, Antonio},
  year={2012},
  publisher={Springer Science \& Business Media}
}

@article{labbe2015kalman,
  title={Kalman and bayesian filters in python},
  author={Labbe, Roger},
  year={2015},
  publisher={book}
}

@inproceedings{huang2017speed,
  title={Speed/accuracy trade-offs for modern convolutional object detectors},
  author={Huang, Jonathan and Rathod, Vivek and Sun, Chen and Zhu, Menglong and Korattikara, Anoop and Fathi, Alireza and Fischer, Ian and Wojna, Zbigniew and Song, Yang and Guadarrama, Sergio and others},
  booktitle={Proceedings of the IEEE conference on computer vision and pattern recognition},
  pages={7310--7311},
  year={2017}
}

@misc{xuobjectdetection, 
author = {Joyce Xu},
title = {Deep Learning for Object Detection: A Comprehensive Review},
howpublished = "\url{https://towardsdatascience.com/deep-learning-for-object-detection-a-comprehensive-review-73930816d8d9}",
year = {2017}, 
note = "Accessed 05/04/19",
}

@misc{ouaknineobjectdetection, 
author = {Arthur Ouaknine},
title = {Review of Deep Learning Algorithms for Object Detection},
howpublished = "\url{https://medium.com/zylapp/review-of-deep-learning-algorithms-for-object-detection-c1f3d437b852}",
year = {2017}, 
note = "Accessed 05/04/19",
}

@article{uijlings2013selective,
  title={Selective search for object recognition},
  author={Uijlings, Jasper RR and Van De Sande, Koen EA and Gevers, Theo and Smeulders, Arnold WM},
  journal={International journal of computer vision},
  volume={104},
  number={2},
  pages={154--171},
  year={2013},
  publisher={Springer}
}

@article{girshick2016region,
  title={Region-based convolutional networks for accurate object detection and segmentation},
  author={Girshick, Ross and Donahue, Jeff and Darrell, Trevor and Malik, Jitendra},
  journal={IEEE transactions on pattern analysis and machine intelligence},
  volume={38},
  number={1},
  pages={142--158},
  year={2016},
  publisher={IEEE}
}

@inproceedings{girshick2015fast,
  title={Fast r-cnn},
  author={Girshick, Ross},
  booktitle={Proceedings of the IEEE international conference on computer vision},
  pages={1440--1448},
  year={2015}
}

@inproceedings{ren2015faster,
  title={Faster r-cnn: Towards real-time object detection with region proposal networks},
  author={Ren, Shaoqing and He, Kaiming and Girshick, Ross and Sun, Jian},
  booktitle={Advances in neural information processing systems},
  pages={91--99},
  year={2015}
}

@inproceedings{redmon2016you,
  title={You only look once: Unified, real-time object detection},
  author={Redmon, Joseph and Divvala, Santosh and Girshick, Ross and Farhadi, Ali},
  booktitle={Proceedings of the IEEE conference on computer vision and pattern recognition},
  pages={779--788},
  year={2016}
}

@inproceedings{liu2016ssd,
  title={Ssd: Single shot multibox detector},
  author={Liu, Wei and Anguelov, Dragomir and Erhan, Dumitru and Szegedy, Christian and Reed, Scott and Fu, Cheng-Yang and Berg, Alexander C},
  booktitle={European conference on computer vision},
  pages={21--37},
  year={2016},
  organization={Springer}
}

@inproceedings{taigman2014deepface,
  title={Deepface: Closing the gap to human-level performance in face verification},
  author={Taigman, Yaniv and Yang, Ming and Ranzato, Marc'Aurelio and Wolf, Lior},
  booktitle={Proceedings of the IEEE conference on computer vision and pattern recognition},
  pages={1701--1708},
  year={2014}
}

@article{wang2018deep,
  title={Deep face recognition: A survey},
  author={Wang, Mei and Deng, Weihong},
  journal={arXiv preprint arXiv:1804.06655},
  year={2018}
}

@inproceedings{balaban2015deep,
  title={Deep learning and face recognition: The state of the art},
  author={Balaban, Stephen},
  booktitle={Biometric and Surveillance Technology for Human and Activity Identification XII},
  volume={9457},
  pages={94570B},
  year={2015},
  organization={International Society for Optics and Photonics}
}

% Theoretical background; Software frameworks

@misc{mostuseddatasciencetools, 
author = {Bob Hayes},
title = {Most Used Data Science Tools and Technologies in 2017 and What to Expect for 2018},
howpublished = "\url{http://businessoverbroadway.com/2018/01/02/most-used-data-science-tools-and-technologies-in-2017-and-what-to-expect-for-2018}",
year = {2018}, 
note = "Accessed 04/04/19",
}

@article{opencv_library,
    author = {Bradski, G.},
    citeulike-article-id = {2236121},
    journal = {Dr. Dobb's Journal of Software Tools},
    keywords = {bibtex-import},
    posted-at = {2008-01-15 19:21:54},
    priority = {4},
    title = {{The OpenCV Library}},
    year = {2000}
}

@misc{darknet13,
  author =   {Joseph Redmon},
  title =    {Darknet: Open Source Neural Networks in C},
  howpublished = {\url{http://pjreddie.com/darknet/}},
  year = {2013--2016}
}

@inproceedings{abadi2016tensorflow,
  title={Tensorflow: A system for large-scale machine learning},
  author={Abadi, Mart{\'\i}n and Barham, Paul and Chen, Jianmin and Chen, Zhifeng and Davis, Andy and Dean, Jeffrey and Devin, Matthieu and Ghemawat, Sanjay and Irving, Geoffrey and Isard, Michael and others},
  booktitle={12th $\{$USENIX$\}$ Symposium on Operating Systems Design and Implementation ($\{$OSDI$\}$ 16)},
  pages={265--283},
  year={2016}
}

@inproceedings{paszke2017automatic,
  title={Automatic differentiation in PyTorch},
  author={Paszke, Adam and Gross, Sam and Chintala, Soumith and Chanan, Gregory and Yang, Edward and DeVito, Zachary and Lin, Zeming and Desmaison, Alban and Antiga, Luca and Lerer, Adam},
  booktitle={NIPS-W},
  year={2017}
}

@misc{caffe2, 
author = {{Caffe2 Development Team}},
title = {Caffe2 - lightweight, modular, and scalable deep learning framework},
howpublished = "\url{https://caffe2.ai}",
year = {2019}, 
note = "Accessed 04/04/19",
}

@article{2016arXiv160502688short,
   author = {{Theano Development Team}},
    title = "{Theano: A {Python} framework for fast computation of mathematical expressions}",
  journal = {arXiv e-prints},
   volume = {abs/1605.02688},
 primaryClass = "cs.SC",
 keywords = {Computer Science - Symbolic Computation, Computer Science - Learning, Computer Science - Mathematical Software},
     year = 2016,
    month = may,
      url = {http://arxiv.org/abs/1605.02688},
}

% Theoretical background; Evaluation metrics

@article{hamers1989similarity,
  title={Similarity measures in scientometric research: The Jaccard index versus Salton's cosine formula.},
  author={Hamers, Lieve and others},
  journal={Information Processing and Management},
  volume={25},
  number={3},
  pages={315--18},
  year={1989},
  publisher={ERIC}
}

@misc{iourosebrock, 
author = {Adrian Rosebrock},
title = {Intersection over Union  for object detection},
howpublished = "\url{https://www.pyimagesearch.com/2016/11/07/intersection-over-union-iou-for-object-detection}",
year = {2016}, 
note = "Accessed 04/04/19",
}

@article{willmott2005advantages,
  title={Advantages of the mean absolute error (MAE) over the root mean square error (RMSE) in assessing average model performance},
  author={Willmott, Cort J and Matsuura, Kenji},
  journal={Climate research},
  volume={30},
  number={1},
  pages={79--82},
  year={2005}
}

% Related work; MOT

@inproceedings{bewley2016simple,
  title={Simple online and realtime tracking},
  author={Bewley, Alex and Ge, Zongyuan and Ott, Lionel and Ramos, Fabio and Upcroft, Ben},
  booktitle={2016 IEEE International Conference on Image Processing (ICIP)},
  pages={3464--3468},
  year={2016},
  organization={IEEE}
}

@inproceedings{wojke2017simple,
  title={Simple online and realtime tracking with a deep association metric},
  author={Wojke, Nicolai and Bewley, Alex and Paulus, Dietrich},
  booktitle={2017 IEEE International Conference on Image Processing (ICIP)},
  pages={3645--3649},
  year={2017},
  organization={IEEE}
}

@inproceedings{milan2017online,
  title={Online multi-target tracking using recurrent neural networks},
  author={Milan, Anton and Rezatofighi, S Hamid and Dick, Anthony and Reid, Ian and Schindler, Konrad},
  booktitle={Thirty-First AAAI Conference on Artificial Intelligence},
  year={2017}
}

@inproceedings{sadeghian2017tracking,
  title={Tracking the untrackable: Learning to track multiple cues with long-term dependencies},
  author={Sadeghian, Amir and Alahi, Alexandre and Savarese, Silvio},
  booktitle={Proceedings of the IEEE International Conference on Computer Vision},
  pages={300--311},
  year={2017}
}

@article{hochreiter1997long,
  title={Long short-term memory},
  author={Hochreiter, Sepp and Schmidhuber, J{\"u}rgen},
  journal={Neural computation},
  volume={9},
  number={8},
  pages={1735--1780},
  year={1997},
  publisher={MIT Press}
}

@article{DBLP:journals/corr/abs-1903-05625,
  author    = {Philipp Bergmann and
               Tim Meinhardt and
               Laura Leal{-}Taix{\'{e}}},
  title     = {Tracking without bells and whistles},
  journal   = {CoRR},
  volume    = {abs/1903.05625},
  year      = {2019},
  url       = {http://arxiv.org/abs/1903.05625},
  archivePrefix = {arXiv},
  eprint    = {1903.05625},
  timestamp = {Sun, 31 Mar 2019 19:01:24 +0200},
  biburl    = {https://dblp.org/rec/bib/journals/corr/abs-1903-05625},
  bibsource = {dblp computer science bibliography, https://dblp.org}
}


@article{DBLP:journals/corr/abs-1902-03604,
  author    = {Paul Voigtlaender and
               Michael Krause and
               Aljosa Osep and
               Jonathon Luiten and
               Berin Balachandar Gnana Sekar and
               Andreas Geiger and
               Bastian Leibe},
  title     = {{MOTS:} Multi-Object Tracking and Segmentation},
  journal   = {CoRR},
  volume    = {abs/1902.03604},
  year      = {2019},
  url       = {http://arxiv.org/abs/1902.03604},
  archivePrefix = {arXiv},
  eprint    = {1902.03604},
  timestamp = {Sat, 02 Mar 2019 16:35:42 +0100},
  biburl    = {https://dblp.org/rec/bib/journals/corr/abs-1902-03604},
  bibsource = {dblp computer science bibliography, https://dblp.org}
}

% Related work; Soft biometrics

@article{quintana2016improving,
  title={Improving retail efficiency through sensing technologies: A survey},
  author={Quintana, Marcos and Men{\'e}ndez, Jos{\'e} Manuel and Alvarez, Federico and Lopez, JP},
  journal={Pattern Recognition Letters},
  volume={81},
  pages={3--10},
  year={2016},
  publisher={Elsevier}
}

@inproceedings{fookes2010semi,
  title={Semi-supervised intelligent surveillance system for secure environments},
  author={Fookes, Clinton and Denman, Simon and Lakemond, Ruan and Ryan, David and Sridharan, Sridha and Piccardi, Massimo},
  booktitle={2010 IEEE International Symposium on Industrial Electronics},
  pages={2815--2820},
  year={2010},
  organization={IEEE}
}

@inproceedings{de2018comparative,
  title={A Comparative Study on Soft Biometric Approaches to Be Used in Retail Stores},
  author={De Carolis, Berardina and Macchiarulo, Nicola and Palestra, Giuseppe},
  booktitle={International Symposium on Methodologies for Intelligent Systems},
  pages={120--129},
  year={2018},
  organization={Springer}
}

% Related work; Body traits

@inproceedings{viswanath2009simplified,
  title={A simplified error model for height estimation using a single camera},
  author={Viswanath, P and Kakadiaris, IA and Shah, SK},
  booktitle={2009 IEEE 12th International Conference on Computer Vision Workshops, ICCV Workshops},
  pages={1259--1266},
  year={2009},
  organization={IEEE}
}

@inproceedings{momeni2012height,
  title={Height Estimation from a Single Camera View.},
  author={Momeni-k, Mahdi and Diamantas, Sotirios Ch and Ruggiero, Fabio and Siciliano, Bruno},
  booktitle={VISAPP (1)},
  pages={358--364},
  year={2012}
}

@article{li2015simplified,
  title={A simplified nonlinear regression method for human height estimation in video surveillance},
  author={Li, Shengzhe and Nguyen, Van Huan and Ma, Mingjie and Jin, Cheng-Bin and Do, Trung Dung and Kim, Hakil},
  journal={EURASIP Journal on Image and Video Processing},
  volume={2015},
  number={1},
  pages={32},
  year={2015},
  publisher={Springer}
}

@inproceedings{yamaguchi2012parsing,
  title={Parsing clothing in fashion photographs},
  author={Yamaguchi, Kota and Kiapour, M Hadi and Ortiz, Luis E and Berg, Tamara L},
  booktitle={2012 IEEE Conference on Computer Vision and Pattern Recognition},
  pages={3570--3577},
  year={2012},
  organization={IEEE}
}

@inproceedings{liu2016deepfashion,
  title={Deepfashion: Powering robust clothes recognition and retrieval with rich annotations},
  author={Liu, Ziwei and Luo, Ping and Qiu, Shi and Wang, Xiaogang and Tang, Xiaoou},
  booktitle={Proceedings of the IEEE conference on computer vision and pattern recognition},
  pages={1096--1104},
  year={2016}
}

@article{ge2019deepfashion2,
  title={DeepFashion2: A Versatile Benchmark for Detection, Pose Estimation, Segmentation and Re-Identification of Clothing Images},
  author={Ge, Yuying and Zhang, Ruimao and Wu, Lingyun and Wang, Xiaogang and Tang, Xiaoou and Luo, Ping},
  journal={arXiv preprint arXiv:1901.07973},
  year={2019}
}


% Related work; Facial traits

@inproceedings{ranjan2017all,
  title={An all-in-one convolutional neural network for face analysis},
  author={Ranjan, Rajeev and Sankaranarayanan, Swami and Castillo, Carlos D and Chellappa, Rama},
  booktitle={2017 12th IEEE International Conference on Automatic Face \& Gesture Recognition (FG 2017)},
  pages={17--24},
  year={2017},
  organization={IEEE}
}

@article{yin2018multi,
  title={Multi-task convolutional neural network for pose-invariant face recognition},
  author={Yin, Xi and Liu, Xiaoming},
  journal={IEEE Transactions on Image Processing},
  volume={27},
  number={2},
  pages={964--975},
  year={2018},
  publisher={IEEE}
}

@article{ranjan2019hyperface,
  title={Hyperface: A deep multi-task learning framework for face detection, landmark localization, pose estimation, and gender recognition},
  author={Ranjan, Rajeev and Patel, Vishal M and Chellappa, Rama},
  journal={IEEE Transactions on Pattern Analysis and Machine Intelligence},
  volume={41},
  number={1},
  pages={121--135},
  year={2019},
  publisher={IEEE}
}

@inproceedings{wang2015deeply,
  title={Deeply-learned feature for age estimation},
  author={Wang, Xiaolong and Guo, Rui and Kambhamettu, Chandra},
  booktitle={2015 IEEE Winter Conference on Applications of Computer Vision},
  pages={534--541},
  year={2015},
  organization={IEEE}
}

@inproceedings{rothe2015dex,
  title={Dex: Deep expectation of apparent age from a single image},
  author={Rothe, Rasmus and Timofte, Radu and Van Gool, Luc},
  booktitle={Proceedings of the IEEE International Conference on Computer Vision Workshops},
  pages={10--15},
  year={2015}
}

@article{zeng2018facial,
  title={Facial expression recognition via learning deep sparse autoencoders},
  author={Zeng, Nianyin and Zhang, Hong and Song, Baoye and Liu, Weibo and Li, Yurong and Dobaie, Abdullah M},
  journal={Neurocomputing},
  volume={273},
  pages={643--649},
  year={2018},
  publisher={Elsevier}
}

@article{sun2016sparse,
  title={A sparse auto-encoder-based deep neural network approach for induction motor faults classification},
  author={Sun, Wenjun and Shao, Siyu and Zhao, Rui and Yan, Ruqiang and Zhang, Xingwu and Chen, Xuefeng},
  journal={Measurement},
  volume={89},
  pages={171--178},
  year={2016},
  publisher={Elsevier}
}

@InProceedings{Ruiz_2018_CVPR_Workshops,
author = {Ruiz, Nataniel and Chong, Eunji and Rehg, James M.},
title = {Fine-Grained Head Pose Estimation Without Keypoints},
booktitle = {The IEEE Conference on Computer Vision and Pattern Recognition (CVPR) Workshops},
month = {June},
year = {2018}
}

@InProceedings{fsanet,
author = {Tsun-Yi Yang, Yi-Ting Chen, Yen-Yu Lin, Yung-Yu Chuang},
title = {FSA-Net: Learning Fine-Grained Structure Aggregation for Head Pose
Estimation from a Single Image},
year = {2019}
}

% Design; Image acquisition

@misc{baslercamera, 
author = {{Basler AG}},
title = {Basler ace acA1920-50gc - Area Scan Camera},
howpublished = "\url{https://www.baslerweb.com/en/products/cameras/area-scan-cameras/ace/aca1920-50gc}",
note = "Accessed 04/04/19",
}

@misc{baslerlens, 
author = {{Basler AG}},
title = {Basler Lens C125-0818-5M F1.8 f8mm - Lenses},
howpublished = "\url{https://www.baslerweb.com/en/products/vision-components/lenses/basler-lens-c125-0818-5m-f1-8-f8mm}",
note = "Accessed 04/04/19",
}

@misc{baslerpylon, 
author = {{Basler AG}},
title = {Basler pylon},
howpublished = "\url{https://www.baslerweb.com/en/products/software/basler-pylon-camera-software-suite}",
note = "Accessed 04/04/19",
}

@misc{baslerpypylon, 
author = {{Basler AG}},
title = {Basler pylon},
howpublished = "\url{https://github.com/basler/pypylon}",
note = "Accessed 04/04/19",
}

% Methodology; People detection

@inproceedings{lin2014microsoft,
  title={Microsoft coco: Common objects in context},
  author={Lin, Tsung-Yi and Maire, Michael and Belongie, Serge and Hays, James and Perona, Pietro and Ramanan, Deva and Doll{\'a}r, Piotr and Zitnick, C Lawrence},
  booktitle={European conference on computer vision},
  pages={740--755},
  year={2014},
  organization={Springer}
}

@misc{rosebrocknms, 
author = {Adrian Rosebrock},
title = {Non-Maximum Suppression in Python},
howpublished = "\url{https://www.pyimagesearch.com/2015/02/16/faster-non-maximum-suppression-python}",
year={2015},
note = "Accessed 04/04/19",
}

@article{kalman1960new,
  title={A new approach to linear filtering and prediction problems},
  author={Kalman, Rudolph Emil},
  journal={Journal of basic Engineering},
  volume={82},
  number={1},
  pages={35--45},
  year={1960},
  publisher={American Society of Mechanical Engineers}
}

@article{jonker1987shortest,
  title={A shortest augmenting path algorithm for dense and sparse linear assignment problems},
  author={Jonker, Roy and Volgenant, Anton},
  journal={Computing},
  volume={38},
  number={4},
  pages={325--340},
  year={1987},
  publisher={Springer}
}

@article{choi2003feature,
  title={Feature extraction based on the Bhattacharyya distance},
  author={Choi, Euisun and Lee, Chulhee},
  journal={Pattern Recognition},
  volume={36},
  number={8},
  pages={1703--1709},
  year={2003},
  publisher={Elsevier}
}

% Design; Facial features
@inproceedings{yang2016wider,
Author = {Yang, Shuo and Luo, Ping and Loy, Chen Change and Tang, Xiaoou},
Booktitle = {IEEE Conference on Computer Vision and Pattern Recognition (CVPR)},
Title = {WIDER FACE: A Face Detection Benchmark},
Year = {2016}}
		
@misc{faced, 
author = {Ivan Itzcovich},
title = {Near Real Time CPU Face detection using deep learning},
howpublished = "\url{https://github.com/iitzco/faced}",
year={2018},
note = "Accessed 04/04/19",
}

@misc{itzcovichtfdetector, 
author = {Ivan Itzcovich},
title = {Tensorflow Face Detector},
howpublished = "\url{https://github.com/yeephycho/tensorflow-face-detection}",
year={2017},
note = "Accessed 04/04/19",
}

@misc{centenomtcnn, 
author = {Iván de Paz Centeno},
title = {MTCNN face detection implementation for TensorFlow},
howpublished = "\url{https://github.com/ipazc/mtcnn}",
year={2018},
note = "Accessed 04/04/19",
}

@article{7553523, 
author={K. Zhang and Z. Zhang and Z. Li and Y. Qiao}, 
journal={IEEE Signal Processing Letters}, 
title={Joint Face Detection and Alignment Using Multitask Cascaded Convolutional Networks}, 
year={2016}, 
volume={23}, 
number={10}, 
pages={1499-1503}, 
keywords={Benchmark testing;Computer architecture;Convolution;Detectors;Face;Face detection;Training;Cascaded convolutional neural network (CNN);face alignment;face detection}, 
doi={10.1109/LSP.2016.2603342}, 
ISSN={1070-9908}, 
month={Oct},}

@inproceedings{yang2018ssr,
  title={SSR-Net: A Compact Soft Stagewise Regression Network for Age Estimation.},
  author={Yang, Tsun-Yi and Huang, Yi-Hsuan and Lin, Yen-Yu and Hsiu, Pi-Cheng and Chuang, Yung-Yu},
  booktitle={IJCAI},
  pages={1078--1084},
  year={2018}
}

@misc{kerasagender, 
author = {Yusuke Uchida},
title = {Keras implementation of a CNN network for age and gender estimation},
howpublished = "\url{https://github.com/yu4u/age-gender-estimationn}",
year={2017},
note = "Accessed 04/04/19",
}


@inproceedings{goodfellow2013challenges,
  title={Challenges in representation learning: A report on three machine learning contests},
  author={Goodfellow, Ian J and Erhan, Dumitru and Carrier, Pierre Luc and Courville, Aaron and Mirza, Mehdi and Hamner, Ben and Cukierski, Will and Tang, Yichuan and Thaler, David and Lee, Dong-Hyun and others},
  booktitle={International Conference on Neural Information Processing},
  pages={117--124},
  year={2013},
  organization={Springer}
}

@article{arriaga2017real,
  title={Real-time convolutional neural networks for emotion and gender classification},
  author={Arriaga, Octavio and Valdenegro-Toro, Matias and Pl{\"o}ger, Paul},
  journal={arXiv preprint arXiv:1710.07557},
  year={2017}
}

@misc{emopy, 
author = {{ThoughtWorks Arts development team}},
title = {EmoPy - A deep neural net toolkit for emotion analysis via Facial Expression Recognition},
howpublished = "\url{https://github.com/thoughtworksarts/EmoPy}",
year={2018},
note = "Accessed 04/04/19",
}

@book{hartley2003multiple,
  title={Multiple view geometry in computer vision},
  author={Hartley, Richard and Zisserman, Andrew},
  year={2003},
  publisher={Cambridge university press}
}

@inproceedings{criminisi2002single,
  title={Single-view metrology: Algorithms and applications},
  author={Criminisi, Antonio},
  booktitle={Joint Pattern Recognition Symposium},
  pages={224--239},
  year={2002},
  organization={Springer}
}

@misc{trackingvideo, 
author = {{ImproLab Team}},
title = {Tracking video example},
howpublished = "\url{https://www.youtube.com/watch?v=D-Z1VHqBqcE}",
year={2019},
note = "Accessed 04/04/19",
}

@inproceedings{he2017mask,
  title={Mask r-cnn},
  author={He, Kaiming and Gkioxari, Georgia and Doll{\'a}r, Piotr and Girshick, Ross},
  booktitle={Proceedings of the IEEE international conference on computer vision},
  pages={2961--2969},
  year={2017}
}
